<collection xmlns="http://www.loc.gov/MARC21/slim"><record><leader>00747nam  2200241   450</leader><controlfield tag="001">512</controlfield><controlfield tag="003">http://montalegre.opacnet.com/OPAC/default.aspx?ContentAreaControl=ShowRegHoldings.ascx&amp;RegNo=16662</controlfield><datafield tag="021" ind1=" " ind2=" "><subfield code="a">PT</subfield><subfield code="b">11273/86</subfield></datafield><datafield tag="095" ind1=" " ind2=" "><subfield code="a">PTBN00015453</subfield></datafield><datafield tag="100" ind1=" " ind2=" "><subfield code="a">20061013d1986    m  y0pora010305  ba</subfield></datafield><datafield tag="101" ind1="1" ind2=" "><subfield code="a">por</subfield><subfield code="c">eng</subfield></datafield><datafield tag="102" ind1=" " ind2=" "><subfield code="a">PT</subfield></datafield><datafield tag="200" ind1="1" ind2=" "><subfield code="a">&lt;A &gt;oeste do Éden</subfield><subfield code="f">Harry Harrisson</subfield><subfield code="g">trad. Ana Maria Falcäo Bastos</subfield></datafield><datafield tag="205" ind1=" " ind2=" "><subfield code="a">1ª ed</subfield></datafield><datafield tag="210" ind1=" " ind2=" "><subfield code="a">Lisboa</subfield><subfield code="c">Gradiva</subfield><subfield code="d">1986</subfield></datafield><datafield tag="215" ind1=" " ind2=" "><subfield code="a">514 p.</subfield><subfield code="c">il.</subfield><subfield code="d">22 cm</subfield></datafield><datafield tag="225" ind1="2" ind2=" "><subfield code="a">Contacto</subfield><subfield code="v">2</subfield></datafield><datafield tag="304" ind1=" " ind2=" "><subfield code="a">Tít. orig.: West of Eden</subfield></datafield><datafield tag="675" ind1=" " ind2=" "><subfield code="a">821</subfield><subfield code="v">bn</subfield><subfield code="z">por</subfield></datafield><datafield tag="700" ind1=" " ind2="1"><subfield code="a">Harrisson</subfield><subfield code="b">Harry</subfield></datafield><datafield tag="702" ind1=" " ind2="1"><subfield code="a">Bastos</subfield><subfield code="b">Ana Falcão</subfield><subfield code="4">730</subfield></datafield><datafield tag="801" ind1=" " ind2="0"><subfield code="a">PT</subfield><subfield code="b">Biblioteca Municipal de Montalegre</subfield><subfield code="g">RPC</subfield></datafield><datafield tag="856" ind1=" " ind2=" "><subfield code="u">locateMedia.asp?cod=20060517165746&amp;ext=jpg</subfield><subfield code="z">CAPA</subfield></datafield><datafield tag="909" ind1="&#9;" ind2=" "><subfield code="a">1</subfield></datafield><datafield tag="966" ind1=" " ind2=" "><subfield code="a">0008623</subfield><subfield code="l">BMM</subfield><subfield code="s">SCG 821 HAR oes 2</subfield></datafield></record></collection>